@article{erd6s1960evolution,
  title={On the evolution of random graphs},
  author={Erd6s, Paul},
  journal={Publ. Math. Inst. Hungar. Acad. Sci},
  volume={5},
  pages={17--61},
  year={1960}
}

@article{strogatz2001exploring,
  title={Exploring complex networks},
  author={Strogatz, Steven H},
  journal={Nature},
  volume={410},
  number={6825},
  pages={268--276},
  year={2001},
  publisher={Nature Publishing Group}
}

@article{watts1998collective,
  title={Collective dynamics of ‘small-world’networks},
  author={Watts, Duncan J and Strogatz, Steven H},
  journal={nature},
  volume={393},
  number={6684},
  pages={440--442},
  year={1998},
  publisher={Nature Publishing Group}
}

@book{watts1999small,
  title={Small worlds: the dynamics of networks between order and randomness},
  author={Watts, Duncan J},
  year={1999},
  publisher={Princeton university press}
}

@article{barabasi2007architecture,
  title={The architecture of complexity},
  author={Barab{\'a}si, A-L},
  journal={Control Systems, IEEE},
  volume={27},
  number={4},
  pages={33--42},
  year={2007},
  publisher={IEEE}
}

@article{costa2007characterization,
  title={Characterization of complex networks: A survey of measurements},
  author={Costa, L da F and Rodrigues, Francisco A and Travieso, Gonzalo and Villas Boas, PR},
  journal={Advances in Physics},
  volume={56},
  number={1},
  pages={167--242},
  year={2007},
  publisher={Taylor \& Francis}
}

@article{munz2009zombies,
  title={When zombies attack!: mathematical modelling of an outbreak of zombie infection},
  author={Munz, Philip and Hudea, Ioan and Imad, Joe and Smith, Robert J},
  journal={Infectious Disease Modelling Research Progress},
  volume={4},
  pages={133--150},
  year={2009}
}
